<record xmlns='http://www.loc.gov/MARC21/slim'><leader>03611ctm a2200541Ia 4500</leader><controlfield tag='001'>5576513</controlfield><controlfield tag='005'>20200925165546.0</controlfield><controlfield tag='008'>080923q18001899xx p          000 0 urd d</controlfield><datafield ind1=' ' ind2=' ' tag='035'><subfield code='a'>(OCoLC)ocn256062033</subfield></datafield><datafield ind1=' ' ind2=' ' tag='035'><subfield code='a'>5576513</subfield></datafield><datafield ind1=' ' ind2=' ' tag='040'><subfield code='a'>PUL</subfield><subfield code='c'>PUL</subfield><subfield code='e'>amremm</subfield></datafield><datafield ind1='0' ind2=' ' tag='041'><subfield code='a'>urd</subfield><subfield code='a'>per</subfield></datafield><datafield ind1=' ' ind2=' ' tag='066'><subfield code='c'>(3</subfield></datafield><datafield ind1=' ' ind2=' ' tag='035'><subfield code='a'>(OCoLC)256062033</subfield></datafield><datafield ind1=' ' ind2=' ' tag='043'><subfield code='a'>n-us-nj</subfield></datafield><datafield ind1=' ' ind2=' ' tag='049'><subfield code='a'>PULL</subfield></datafield><datafield ind1='1' ind2=' ' tag='100'><subfield code='6'>880-01</subfield><subfield code='a'>Saudā, Mirzā Muḥammad Rafiʻ,</subfield><subfield code='d'>1713-1781.</subfield><subfield code='0'>http://id.loc.gov/authorities/names/n85337895</subfield></datafield><datafield ind1='1' ind2='0' tag='240'><subfield code='a'>Poems</subfield></datafield><datafield ind1='1' ind2='0' tag='245'><subfield code='6'>880-02</subfield><subfield code='a'>[Kullīyāt-i Saudā].</subfield></datafield><datafield ind1=' ' ind2=' ' tag='260'><subfield code='a'>[India,</subfield><subfield code='c'>18--?]</subfield></datafield><datafield ind1=' ' ind2=' ' tag='300'><subfield code='a'>ii, 455, ii leaves :</subfield><subfield code='b'>paper, col. ill. ;</subfield><subfield code='c'>367 x 217 (262 x 150) mm. bound to 370 x 225 mm.</subfield></datafield><datafield ind1=' ' ind2=' ' tag='500'><subfield code='a'>Ms. codex.</subfield></datafield><datafield ind1=' ' ind2=' ' tag='500'><subfield code='a'>Title supplied by cataloger.</subfield></datafield><datafield ind1='8' ind2=' ' tag='520'><subfield code='a'>Collection of poems arranged in five sections by genre, including qaṣīdahs, ghazals, mathnawī, and quatrains, some pieces in Persian.</subfield></datafield><datafield ind1=' ' ind2=' ' tag='500'><subfield code='a'>Physical description: 13 lines per page separated in two columns at hemistich by two vertical ruled lines in red ink. Text is framed in red, gold, and black ruled lines. Outer frame in black. Titles in red in panels defined by a red ruled line.</subfield></datafield><datafield ind1=' ' ind2=' ' tag='500'><subfield code='a'>Decoration: Contains ten miniatures representing among others ʻAlī, and princes on fol. 4b, 19b, 37a, 55b, 58b, 84b, 213a, 286b, 311a, 334b.</subfield></datafield><datafield ind1=' ' ind2=' ' tag='500'><subfield code='a'>Decoration: The two first pages of the text (fol. 1b-2a) are elaborately illuminated, with floral decor in gold on the margin ; text written in clouds left plain on a gold ground. Illuminated headpiece in gold and colors with a floral motif on fol. 1b. The beginning of each section is decorated in a similar way (fol. 105b-106a; 178b-179a; 194b -- headpiece only; 361b-362a; 416a). Illuminated cartouche with basmalah on fol. 111b.</subfield></datafield><datafield ind1=' ' ind2=' ' tag='500'><subfield code='a'>Chiefly quaternions.</subfield></datafield><datafield ind1=' ' ind2=' ' tag='500'><subfield code='a'>Origin: Probably India, 19th cent.</subfield></datafield><datafield ind1=' ' ind2=' ' tag='546'><subfield code='a'>In Urdu and Persian.</subfield></datafield><datafield ind1=' ' ind2=' ' tag='561'><subfield code='a'>Large rectangular stamp on fol. 1a (300 x 250 mm.) with inscription reading: &quot; ... al-dawlah kawkab al-mulk Sayyid ʻAlījānān Khān Bahādur Darakhshān sitārah-i jang 1269 (?)&quot; (repeated at the end of each part, fol.103b, 177a, 178a, 194a, 361a, 455b). Acquired from Quaritch, London, 1900. Bookplate of Robert Garrett on pastedown of upper cover.</subfield></datafield><datafield ind1=' ' ind2=' ' tag='563'><subfield code='a'>Dark green leather with silver tooling and stamping. Marbled paper pastedowns.</subfield></datafield><datafield ind1='4' ind2=' ' tag='510'><subfield code='a'>Moghadam, M. et al. Garrett coll.,</subfield><subfield code='c'>183</subfield></datafield><datafield ind1='4' ind2=' ' tag='510'><subfield code='a'>Narang, G. C. The Princeton Manuscript of Kullīyāt-e Saudā. Journal of the American Oriental Society, Vol. 93, No. 4. (Oct.-Dec., 1973),</subfield><subfield code='c'>p. 539-542</subfield></datafield><datafield ind1=' ' ind2=' ' tag='541'><subfield code='c'>Gift ;</subfield><subfield code='a'>Robert Garrett, Class of 1897 ;</subfield><subfield code='d'>1942.</subfield></datafield><datafield ind1=' ' ind2='0' tag='650'><subfield code='a'>Manuscripts, Urdu</subfield><subfield code='z'>New Jersey</subfield><subfield code='z'>Princeton.</subfield></datafield><datafield ind1=' ' ind2='0' tag='650'><subfield code='a'>Manuscripts, Persian</subfield><subfield code='z'>New Jersey</subfield><subfield code='z'>Princeton.</subfield></datafield><datafield ind1=' ' ind2='7' tag='655'><subfield code='a'>Manuscripts, Urdu</subfield><subfield code='z'>India</subfield><subfield code='y'>19th century.</subfield><subfield code='2'>lcsh</subfield></datafield><datafield ind1=' ' ind2='7' tag='655'><subfield code='a'>Manuscripts, Persian</subfield><subfield code='z'>India</subfield><subfield code='y'>19th century.</subfield><subfield code='2'>lcsh</subfield></datafield><datafield ind1=' ' ind2='7' tag='655'><subfield code='a'>Illuminated manuscripts</subfield><subfield code='z'>India</subfield><subfield code='y'>19th century.</subfield><subfield code='2'>aat</subfield></datafield><datafield ind1=' ' ind2='7' tag='655'><subfield code='a'>Miniatures (Illuminations)</subfield><subfield code='z'>India</subfield><subfield code='y'>19th century.</subfield><subfield code='2'>gmgpc</subfield></datafield><datafield ind1=' ' ind2='7' tag='655'><subfield code='a'>Illuminations (visual works)</subfield><subfield code='z'>India</subfield><subfield code='y'>19th century.</subfield><subfield code='2'>aat</subfield></datafield><datafield ind1=' ' ind2='7' tag='655'><subfield code='a'>Headpieces (layout features)</subfield><subfield code='z'>India</subfield><subfield code='y'>19th century.</subfield><subfield code='2'>aat</subfield></datafield><datafield ind1='1' ind2=' ' tag='880'><subfield code='6'>100-01/(3/r</subfield><subfield code='a'>سودا، مرزا محمد رفيع</subfield></datafield><datafield ind1='1' ind2='0' tag='880'><subfield code='6'>245-02/(3/r</subfield><subfield code='a'>[كليات سودا]</subfield></datafield><datafield ind1=' ' ind2=' ' tag='880'><subfield code='6'>500-00/(3/r</subfield><subfield code='a'>Incipit: بسم ... هو آجب ... فى البعث ومنقيت حضرت رسالت بناه وخباب امير المومنين عليه الصلواة والسلام</subfield></datafield><datafield ind1='4' ind2='1' tag='856'><subfield code='u'>http://arks.princeton.edu/ark:/88435/7s75dc43s</subfield></datafield><datafield ind1=' ' ind2=' ' tag='902'><subfield code='a'>ceb</subfield><subfield code='b'>o</subfield><subfield code='6'>t</subfield><subfield code='7'>m</subfield><subfield code='d'>v</subfield><subfield code='f'>0</subfield><subfield code='e'>20080923</subfield></datafield><datafield ind1='8' ind2=' ' tag='852'><subfield code='0'>5693342</subfield><subfield code='b'>hsvm</subfield><subfield code='h'>Islamic Manuscripts, Garrett no. 83G</subfield><subfield code='x'>tr fr mss</subfield></datafield><datafield ind1='8' ind2=' ' tag='852'><subfield code='0'>9385102</subfield><subfield code='b'>elf1</subfield><subfield code='h'>Electronic Resource</subfield></datafield><datafield ind1=' ' ind2=' ' tag='959'><subfield code='a'>2008-09-23 15:43:01 +0000</subfield></datafield></record>
